<record><leader>00000cas a2200000 a 4500</leader><controlfield tag="001">11162577</controlfield><controlfield tag="008">840917d18861887ksuwr ne      0   a0eng d</controlfield><controlfield tag="009">3789</controlfield><datafield ind1=" " ind2=" " tag="010"><subfield code="a">sn 84029763 </subfield></datafield><datafield ind1=" " ind2=" " tag="040"><subfield code="a">KSH</subfield><subfield code="b">eng</subfield><subfield code="c">KSH</subfield><subfield code="d">NPT</subfield><subfield code="d">OCL</subfield></datafield><datafield ind1=" " ind2=" " tag="042"><subfield code="a">msc</subfield></datafield><datafield ind1="0" ind2="4" tag="245"><subfield code="a">The Kansas sod house.</subfield></datafield><datafield ind1="1" ind2="3" tag="246"><subfield code="a">Ravanna leader</subfield><subfield code="f">Aug. 12-Sept. 9, 1887</subfield></datafield><datafield ind1=" " ind2=" " tag="260"><subfield code="a">Ravanna, Kan. :</subfield><subfield code="b">Farris &amp; Enos,</subfield></datafield><datafield ind1=" " ind2=" " tag="300"><subfield code="a">v. :</subfield><subfield code="b">ill. (chiefly advertisements) ;</subfield><subfield code="c">50-59 cm.</subfield></datafield><datafield ind1=" " ind2=" " tag="310"><subfield code="a">Weekly</subfield></datafield><datafield ind1="1" ind2=" " tag="362"><subfield code="a">Began in 1886; ceased in 1887?</subfield></datafield><datafield ind1=" " ind2=" " tag="500"><subfield code="a">Special edition issued July 4, 1886.</subfield></datafield><datafield ind1=" " ind2=" " tag="500"><subfield code="a">"Democratic in politics."</subfield></datafield><datafield ind1=" " ind2=" " tag="752"><subfield code="a">United States</subfield><subfield code="b">Kansas</subfield><subfield code="c">Buffalo</subfield><subfield code="d">Ravanna.</subfield></datafield><datafield ind1="0" ind2="1" tag="780"><subfield code="t">Kansas sod house (Cimarron, Kan.)</subfield><subfield code="w">(DLC)sn 84030057</subfield></datafield><datafield ind1="0" ind2="4" tag="785"><subfield code="t">Ravanna record</subfield><subfield code="w">(DLC)sn 84029762</subfield></datafield></record>